% サンプル文献
@article{sample2023,
  title     = {サンプル論文のタイトル},
  author    = {山田 太郎 and 鈴木 花子},
  journal   = {サンプルジャーナル},
  volume    = {10},
  number    = {2},
  pages     = {100-110},
  year      = {2023},
  publisher = {サンプル出版社}
}
